<record><leader>00000cas a2200000Ia 4500</leader><controlfield tag="001">17238334</controlfield><controlfield tag="008">871214d19211962wauwr ne      0    0eng d</controlfield><datafield ind1=" " ind2=" " tag="010"><subfield code="a">sn 87093296 </subfield></datafield><datafield ind1=" " ind2=" " tag="040"><subfield code="a">SLZ</subfield><subfield code="b">eng</subfield><subfield code="c">SLZ</subfield><subfield code="d">OCLCQ</subfield></datafield><datafield ind1=" " ind2=" " tag="043"><subfield code="a">n-us-wa</subfield></datafield><datafield ind1="0" ind2="4" tag="245"><subfield code="a">The Renton chronicle.</subfield></datafield><datafield ind1=" " ind2=" " tag="260"><subfield code="a">Renton, Wash. :</subfield><subfield code="b">R.J. Pettie</subfield></datafield><datafield ind1=" " ind2=" " tag="300"><subfield code="a">v.</subfield></datafield><datafield ind1=" " ind2=" " tag="310"><subfield code="a">Weekly</subfield></datafield><datafield ind1=" " ind2=" " tag="321"><subfield code="a">Bimonthly (lst and 15th)</subfield></datafield><datafield ind1="1" ind2=" " tag="362"><subfield code="a">Began in 1921.</subfield></datafield><datafield ind1="0" ind2=" " tag="362"><subfield code="a">-v. 42, no. 17 (Apr. 25, 1962).</subfield></datafield><datafield ind1=" " ind2=" " tag="588"><subfield code="a">Description based on: Vol. 2, no. 6 (Mar. 15, 1921).</subfield></datafield><datafield ind1=" " ind2="0" tag="651"><subfield code="a">Renton (Wash.)</subfield><subfield code="v">Newspapers.</subfield></datafield><datafield ind1=" " ind2=" " tag="752"><subfield code="a">United States</subfield><subfield code="b">Washington</subfield><subfield code="c">King</subfield><subfield code="d">Renton.</subfield></datafield><datafield ind1="0" ind2="0" tag="780"><subfield code="t">Renton district chronicle</subfield><subfield code="w">(DLC)sn 87093297</subfield></datafield><datafield ind1="0" ind2="7" tag="785"><subfield code="t">Renton news record</subfield><subfield code="w">(DLC)sn 87093295</subfield></datafield><datafield ind1="0" ind2="7" tag="785"><subfield code="t">Record-chronicle (Renton, Wash.)</subfield><subfield code="w">(DLC)sn 87093294</subfield></datafield></record>